

@InBook{Harvey06,
author = {Harvey, David},
title = {David Harvey: A Critical Reader},
publisher = {Blackwell},
year = {2006},
address = {United Kingdom},
}


@Book{Eckbo69,
author = {Eckbo, Garet},
title = {The Landscape We See},
publisher = {McGraw Hill},
year = {1969},
address = {New York},
}


@Article{Kantner08,
author = {Kantner, John},
title = {The Archaeology of Regions: From Discrete Analytical Toolkit to Ubiquitous Spatial Perspective},
journal = {Journal of Archaeological Research},
year = {2008},
volume = {16},
number = {1},
pages = {37-81},
month = {March},
}



@article {Tuan76,
author = {Tuan, Yi-Fu},
title = {Humanistic Geography},
journal = {Annals of the Association of American Geographers},
volume = {66},
number = {2},
publisher = {Blackwell Publishing Ltd},
pages = {266--276},
year = {1976},
}



@Book{PotPur98,
author = {Potteiger, Matthew and Purinton, Jamie},
title = {Landscape Narrative: Design Practices For Telling Stories},
year = {1998},
publisher = {John Wiley \& Sons, Inc.},
address = {New York},
}



@Article{AnsWilSch01,
author = {Anschuetz, Kurt F. and Wilhusen, Richard H. and Scheick, Cherie L.},
title = {An Archaeology of Landscapes: Perspectives and Directions},
journal = {Journal of Archaeological Research},
year = {2001},
volume = {9},
number = {2},
pages = {157-211},
month = {June}
}


@Book{KnoKuk92,
author = {Knoke, David and Kuklinski, James H.},
title = {Network Analysis},
publisher = {Sage Publications},
year = {1982},
address = {London},
}

@Article{Wyl09,
author = {Wyly, Elvin},
title = {Strategic Positivism},
journal = {Professional Geographer},
year = {2009},
volume = {61},
number = {3},
pages = {310-322},
doi = {doi:10.1080/00330120902931952},
}

@article{ERK12,
author = {T. S. Evans and R. J. Rivers and C. Knappett},
title = {Interactions In Space For Archaeological Models},
journal = {Advances in Complex Systems},
volume = {15},
number = {01n02},
pages = {1150009},
year = {2012}
}


@Book{Scu80,
author = {Scullard, HH},
title = {A History of the Roman World},
publisher = {Methuen},
year = {1980},
address = {New York},
}

@Book{SpiSto92,
author = {Spivy, Nigel and Stoddart, Simon},
title = {Etruscan Italy: An Archaeological History},
publisher = {Brasford},
year = {1992},
}


@Book{BarRas98,
author = {Barker, Graeme and Rasmussem, Tom},
title = {The Etruscans},
publisher = {Blackwell Publishers Inc.},
year = {1998},
address = {Malden, Massachussetts},
}




@Article{NieTuc01,
author = {Nielsen, Erik O. and Tuck, Anthony S.},
title = {An Orientalizing Period Complex at Poggio Civitate(Murlo): A Preliminary View},
journal = {Etruscan Studies},
year = {2001},
volume = {8},
number = {3},
}


@incollection{Tuc06,
author = {Tuck, Anthony},
booktitle = {Deliciae Fictiles III. Architectural Terracottas in Ancient Italy},
title = {The Social and Political Context of the 7th Century Architectural Terracottas from Poggio Civitate (Murlo)},
publisher = {Oxbow Books},
year = {2006},
pages = {130-135},
editor = {Edlund-Berry, I. and Kentfield, J. F. and Greco, G},
}


@Article{Odo13,
author = {O'Donoghue, Eoin},
title = {The Mute Statues Speak: The Archaic Period Acroteria from Poggio Civitate (Murlo)},
journal = {European Journal of Archaeology},
year = {2013},
month = {January},
volume = {16},
number = {2},
pages = {268-288},
}

@Book{Win09,
author = {Winter, Nancy A.},
title = {Symbols of Wealth and Power: Architectural Terracotta Decoration In Etruria and Cental Italy, 640-510 B.C.},
publisher = {The University of Michigan Press},
year = {2009},
address = {Ann Arbor},
}



@incollection{IEB94,
author = {Edlund-Berry, Ingrid M.},
title = {Ritual Destruction of Cities and Sanctuaries: The "Un-founding" of the Archaic Monumental Building at Poggio Civitate (Murlo)},
booktitle = {Murlo and the Etruscans: Art and Society in Ancient Etruria},
publisher = {University of Wisconsin Press},
date = {1994},
address = {Madison},
pages = {16-28},
Editor = {De Puma, R and Small, J.},
year = {1994}
}



@Article{TucBruHunTal10,
author = {Tuck, Anthony and Brunk, Jevon and Huntsman, Theresa and Tallman, Haley},
title = {An Archaic Period Well from Poggio Civitate (Murlo)},
journal = {Etruscan Studies},
year = {2010},
volume = {13},
number = {1},
pages = {93-106},
}


@Book{Cam01,
author = {Campana, Stefano},
title = {Carta Archeologica Della Provincial di Siena (Murlo)},
publisher = {Nuova Immagine},
year = {2001},
volume = {V},
address = {Siena}
}



@Book{SetBon85,
author = {Setti, Salvatore and Bonamici, Marisa},
title = {The Land of the Etrusans: From Prehistory to the Middle Ages},
publisher = {Scala Books},
year = {1985},
address = {Firenze},
}


@Article{Kow08,
author = {Kowalewski, Stephen A.},
title = {Regional Settlement Patterns},
journal = {Journal of Archaeological Research},
year = {2008},
volume = {16},
number = {225-285},
doi = {10.1007/s10814-008-9020-8},
}


@InCollection{Ren75,
author = {Renfrew, Colin},
booktitle = {Ancient Civilizations and Trade},
title = {Trade As an Action At a Distance: Questions of Interaction and Communication},
publisher = {School of American Research - University of New Mexico},
year = {1975},
address = {Albuquerque},
editor = {Savbloff, J. A. and Lamberg-Karlovsky, C. C.},
}


@Book{Ize07,
author = {Izzet, Vedia},
title = {The Archaeology of Etruscan Society},
publisher = {Cambridge University Press},
year = {2007},
address = {New York},
}


@incollection{Pen11,
author = {Pena, Theodore J.},
booktitle = {State Formation in Italy and Greece: Questioning the Neoevolutionist Paradigm},
title = {State Formation in Souther Coastal Etruria: An Application of the Kipp-Schrotman Model},
publisher = {Oxbow Books},
year = {2011},
address = {Oxford},
pages = {162-178},
editor = {Terrenato, Nicola and Higgins, Donald C.},
}


@InBook{FotBruCha02,
author = {Fotheringham, A.S. and Brundson, C. and Charlton, M.},
title = {Quantitative Geography},
publisher = {Sage Publications Ltd.},
year = {2002},
address = {London},
pages = {213-235}
}


@Book{FotOke89,
author = {Fotheringham, A.S. and O'Kelly, M.E.},
title = {Spatial Interaction Models: Formulations and Applications},
publisher = {Kluwer Academic Publishers},
year = {1989},
address = {London},
}


@Article{RoyThi04,
author = {Roy, John A. and Thill, Jean-Claude},
title = {Spatial Interaction Modeling},
journal = {Papers in Regional Science},
year = {2004},
volume = {83},
pages = {339-362},
}


@Article{Wil10,
author = {Wilson, A.},
title = {Entropy in Urban and Regional modelling: Retrospect and Prospect},
journal = {Geographical Analysis},
year = {2010},
volume = {42},
pages = {364-394},
doi = {10.1111/j.1538-4632.2010.00799.xg },
}


@Article{Fot83,
author = {Fotheringham, A. S.},
title = {A New Set of Spatial-Interaction Models: The Theory of Competing Destinations},
journal = {Evironmental and Planning A},
year = {1983},
volume = {15},
number = {1},
pages = {15-36},
}


@Article{Bar12,
author = {Simini, Filipo and Gonzalez, Marta C. and Maritan, Amos and Barabasi, Albert-Lazlo},
title = {A Universal Model for Mobility and Migration Patterns},
journal = {Nature},
year = {2012},
volume = {484},
pages = {96-100},
month = {April},
doi = {10.1038/nature10856},
}


@Book{Bro00,
author = {Broodbank, C.},
title = {An Island Archaeology of the Ealy Cyclades},
publisher = {CUP},
year = {2000},
address = {Cambridge},
}


@Book{Cla68,
author = {Clarke, David L.},
title = {Analytical Archaeology },
publisher = {Columbia University Press},
year = {1968},
address = {New York},
}


@Book{Cla77,
author = {Clarke, David L.},
title = {Spatial Archaeology},
publisher = {Academic Press},
year = {1977},
address = {New York},
}


@Book{Hod03,
author = {Hodder, Ian},
title = {Archaeology Beyond Dialogue },
publisher = {University of Utah Press},
year = {2003},
address = {Salt Lake City},
}


@Article{BevForthcoming,
author = {Bevan, A.},
title = {Travel and Interaction in the Greek and Roman World. A Review of Some Computational Modelling Approaches.},
journal = {Digital Classicist (Bulletin of the Institute of Classical Studies )},
year = {Forthcoming},
}


@Article{Min02,
author = {Minetti, Alberto E. and Moia, Christian1 and Roi, Giulio S. and Susta, Davide and Ferretti, Guido},
title = {Energy Cost of Walking and Running at Extreme Uphill and Downhill Slopes},
journal = {Journal of Applied Physiology},
year = {2002},
volume = {93},
number = {3},
pages = {1039-1046},
month = {September},
doi = {10.1152/japplphysiol.01177.2001},
}


@Article{KnaEvaRiv08,
author = {Knappett, C. and Evans, T. and Rivers, R.},
title = {Modelling Maritime Interaction in the Aegean Bronze Age},
journal = {Antiquity},
year = {2008},
volume = {82},
pages = {1009-1024},
}


@InBook{EvaKnaRiv09,
author = {Evans, T. and Knappett, C. and Rivers, R.},
title = {Complexity Perspectives In Innovation and Social Change},
chapter = {Using Statistical Physics to Understand Relation Space: A Case Study from Mediterranean Prehistory},
publisher = {Springer Methods Series 7},
year = {2009},
address = {Berlin},
pages = {451-79},
Editor = {Lane, D. and van der Leeuw and Pumain, D.},
}


@Article{KnaRivEva11,
author = {Knappett, Carl and Rivers, Ray and Evans, Tim},
title = {The Theran Eruption and Minoan Palatial Collapse: New Interpreations gained from Modelling the Maritime Network},
journal = {Antiquity},
year = {2011},
volume = {85},
number = {329},
pages = {1008-1023},
}


@InBook{RivKnaEva13,
author = {Rivers, Ray and Knappett, Carl and Evans, Tim},
title = {Computational Approaches to Archaeological Spaces},
chapter = {Network Models and Archaeological Spaces},
publisher = {Left Coast Press Inc.},
year = {2013},
Editor = {Bevan, A. and Lake, M.},
}


@Article{Eth11,
author = {Etherington, T. R.},
title = {Python based GIS Tools for Landscape Genetics: Visualizing Genetic Relatedness and Measuring Landscape Connectivity},
journal = {Methods in Ecology and Evolution},
year = {2011},
volume = {2},
number = {1},
pages = {52-55},
doi = {10.1111/j.2041-210X.2010.00048.x},
}


@Book{Bin83,
author = {Binford, L. R.},
title = {Working at Archaeology},
publisher = {Academic Press},
year = {1983},
address = {New York},
}


@incollection{StoRed11,
author = {Stoddart, Simon and Redhouse, D. I.},
booktitle = {State Formation in Italy and Greece: Questioning the Neoevolutionist Paradigm},
title = {Mapping Estruscan State Formation},
publisher = {Oxbow Books},
address = {Oxford},
year = {2011},
Editor = {Terrenato, Nicola and Higgins, Donald C.},
}


@InCollection{RenLev79,
author = {Renfrew, A. C. and Level, E. V.},
booktitle = {Transformation: Mathematical approaches to Culture Change},
title = {Exploring Dominance: Preciting Polities From Centres},
publisher = {Academic Press},
year = {1979},
address = {New York},
}


@InCollection{RihWil91,
author = {Rihll, T. and Wilson, A.},
booktitle = {City and Country in the Ancient World},
title = {Modelling Settlement Structures In Ancient Greece: New Approaches to the Polis},
publisher = {Routledge},
year = {1991},
address = {London},
editor = {Rich, J. and Wallace-Hadrill, A.},
}


@Book{RodComSla06,
author = {Rodrigue, Jean-Paul and Comtois, Claude and Slack, Brian},
title = {The Geography of Transport Systems},
publisher = {Routledge},
year = {2006},
address = {New York},
}

@Book{FotHay,
author = {Haynes, Kingsley E. and Fotheringham, A. Stewart},
title = {Gravity and Spatial Interaction Models},
publisher = {Sage},
year = {1984},
address = {Beverly Hills},
}

@Article{Oke04,
author = {O'Kelly, M. E.},
title = {Isard's Contributions to Spatial Interaction Modeling},
journal = {Journal of Geographical Systems},
year = {2004},
volume = {6},
number = {1},
pages = {43-54},
}

@InProceedings{GraSte08,
author = {Graham, Shawn},
title = {TravellerSim: Growing Settlement Structures and Territories with Agent-Based Modeling},
booktitle = {Digital Discovery: Exploring New Frontiers in Human Heritage},
crossref = {CAA 2006. Computer Applications and Quantitative Methods in Archaeology},
year = {2008},
editor = {Clark, Jeffrey T. and Hagemeister, Emily M.},
volume = {34},
address = {Budapest},
month = {April},
organization = {CAA},
publisher = {Archaeolingua},
}


@Unpublished{AnnAnd,
author = {Glennie, Anne and Rodriguez, Andrea and Tuck, Anthony},
title = {Evidence of Iron Age Occupation at Poggio Civitate},
note = {Unpublished paper presented at The 2013 Archaeological Institute of America Annual Meeting},
year = {2013},
address = {Seattle, WA},
}

@ARTICLE{New03,
   author = {{Newman}, M.~E.~J.},
    title = "{The Structure and Function of Complex Networks}",
  journal = {SIAM Review},
   eprint = {arXiv:cond-mat/0303516},
 keywords = {networks, graph theory, complex systems, computer networks, social networks, random graphs, percolation theory},
     year = 2003,
    month = jan,
   volume = 45,
    pages = {167-256},
      doi = {10.1137/S003614450342480},
   adsurl = {http://adsabs.harvard.edu/abs/2003SIAMR..45..167N},
  adsnote = {Provided by the SAO/NASA Astrophysics Data System}
}


@Article{Sar07,
author = {Saram\"{a}k, J and Kivel\"{a}, M and Onnela, J-P  and Kaski, K and Kertész, J},
title = {Generalizations of the clustering coefficient to weighted complex networks},
journal = {Physical Review E},
year = {2007},
volume = {75},
url = {http://jponnela.com/web_documents/a9.pdf}
}

@Article{LanMey04,
    author = {Amy N. Langville and Carl D. Meyer},
    title = {A Survey of Eigenvector Methods of Web Information Retrieval},
    volume = {47},
    number = {1},
    year = {2005},
    pages = {135--161},
    publisher = {Society for Industrial and Applied Mathematics},
}

@techreport{PageRank,
          number = {1999-66},
           month = {November},
          author = {Lawrence Page and Sergey Brin and Rajeev Motwani and Terry Winograd},
            note = {Previous number = SIDL-WP-1999-0120},
           title = {The PageRank Citation Ranking: Bringing Order to the Web.},
            type = {Technical Report},
       publisher = {Stanford InfoLab},
            year = {1999},
     institution = {Stanford InfoLab},
             url = {http://ilpubs.stanford.edu:8090/422/}
} 
             
@Article{Kle99,
author = {Jon M. Kleinberg},
title = {Authoritative Sources in a Hyperlinked Environment},
journal = {Journal Of The ACM},
year = {1999},
volume = {46},
number = {5},
pages = {604--632}
}



@Article{ID,
author = {author},
title = {title},
journal = {journal},
year = {year},
}


@article{New03a,
  title = {Mixing patterns in networks},
  author = {Newman, M. E. J.},
  journal = {Phys. Rev. E},
  volume = {67},
  issue = {2},
  pages = {026126},
  numpages = {13},
  year = {2003},
  month = {Feb},
  publisher = {American Physical Society}






}